@misc{bert,
      title={BERT: Pre-training of Deep Bidirectional Transformers for Language Understanding}, 
      author={Jacob Devlin and Ming-Wei Chang and Kenton Lee and Kristina Toutanova},
      year={2019},
      eprint={1810.04805},
      archivePrefix={arXiv},
      primaryClass={cs.CL}
}

@misc{dense,
      title={Dense Passage Retrieval for Open-Domain Question Answering}, 
      author={Vladimir Karpukhin and Barlas Oğuz and Sewon Min and Patrick Lewis and Ledell Wu and Sergey Edunov and Danqi Chen and Wen-tau Yih},
      year={2020},
      eprint={2004.04906},
      archivePrefix={arXiv},
      primaryClass={cs.CL}
}

@misc{elsevier,
      title={Elsevier at SimpleText: Passage Retrieval by
      Fine-tuning GPL on Scientific Documents},
      author={Artemis Capari and Hosein Azarbonyad and Georgios Tsatsaronis and Zubair Afzal},
      year={2023},
      archivePrefix={CEUR-WS},
}

@misc{colbert,
      title={A Study on Token Pruning for ColBERT}, 
      author={Carlos Lassance and Maroua Maachou and Joohee Park and Stéphane Clinchant},
      year={2021},
      eprint={2112.06540},
      archivePrefix={arXiv},
      primaryClass={cs.IR}
}

@misc{control,
      title={Controlling Pre-trained Language Models for Grade-Specific Text Simplification}, 
      author={Sweta Agrawal and Marine Carpuat},
      year={2023},
      eprint={2305.14993},
      archivePrefix={arXiv},
      primaryClass={cs.CL}
}

@misc{clef,
      title={Overview of the CLEF 2023 SimpleText Task 1:
      Passage Selection for a Simplified Summary},
      author={Eric SanJuan and Stéphane Huet and Jaap Kamps and Liana Ermakova},
      year={2023},
      archivePrefix={CEUR-WS}
}

@misc{simplification,
      title={Text Simplification of Scientific Texts for Non-Expert
      Readers},
      author={Björn Engelmann and Fabian Haak and Christin Katharina Kreutz and Narjes Nikzad Khasmakhi and Philipp Schaer},
      year={2023},
      archivePrefix={CEUR-WS}
}

@misc{amsterdam,
      title={University of Amsterdam at the CLEF 2023 SimpleText
      Track},
      author={Roos Hutter and Jop Sutmuller and Mary Adib and David Rau and Jaap Kamps},
      year={2023},
      archivePrefix={CEUR-WS}
}

@misc{maine,
      title={AIIR and LIAAD Labs Systems for CLEF 2023
      SimpleText},
      author={Behrooz Mansouri and Shea Durgin and SJ Franklin and Sean Fletcher and Ricardo Campos},
      year={2023},
      archivePrefix={CEUR-WS}
}